@online{Nuxt,
	title = {NUXT: the Progressive Web Framework},
	url = {https://nuxt.com/},
}

@online{Vue,
	title = {Vue.js},
	url = {https://vuejs.org/},
}

@online{Nuxt-intro,
	title = {Introduction · Get Started with Nuxt},
	url = {https://nuxt.com/docs/getting-started/introduction},
}

@video{Fireship1,
	author = {{Fireship}},
	date = {2023-06-13},
	title = {Nuxt in 100 seconds},
	url = {https://www.youtube.com/watch?v=dCxSsr5xuL8},
}

@video{Fireship2,
	author = {{Fireship}},
	date = {2022-04-25},
	title = {The Nuxt big thing in web development?},
	url = {https://www.youtube.com/watch?v=noq-ZHTD2Cg},
}

@online{TailwindNuxt,
	title = {Tailwind CSS for Nuxt},
	url = {https://tailwindcss.nuxtjs.org/},
}
@online{VNetwork,
	title = {v-network-graph},
	url = {https://dash14.github.io/v-network-graph/},
}
@online{Supabase,
	title = {Supabase | the open source Firebase alternative},
	url = {https://supabase.com/},
}
@online{D3,
	title = {D3 by Observable | The JavaScript library for bespoke data visualization},
	url = {https://d3js.org/},
}

@online{supabseAuth,
	date = {2025-03-22},
	title = {AuTh | Supabase Docs},
	url = {https://supabase.com/docs/guides/auth},
}

@video{JohnKomarnicki,
	author = {{John Komarnicki}},
	date = {2023-06-14},
	title = {Easily add authentication with NUXT 3 + Supabase},
	url = {https://www.youtube.com/watch?v=yO-JMkjc4oo},
}
@online{NuxtSupabase,
	title = {Nuxt Supabase - home},
	url = {https://supabase.nuxtjs.org/},
}
@online{geeksforgeeks-2024,
	author = {given-i=G, given=GeeksforGeeks},
	date = {2024-07-01},
	title = {Middleware: Categories, Types, working, Advantage and Disadvantage},
	url = {https://www.geeksforgeeks.org/what-is-middleware/},
}

@video{LearnVue,
	author = {{LearnVue}},
	date = {2022-08-22},
	title = {Auth in Nuxt 3 The EASY WAY},
	url = {https://www.youtube.com/watch?v=IcaL1RfnU44},
}
@video{NetNinja1,
	author = {{Net Ninja}},
	date = {2022-09-01},
	title = {Supabase Tutorial 3 - Fetching data},
	url = {https://www.youtube.com/watch?v=VjohMDwjty4},
}

@online{RLC,
	date = {2025-03-22},
	title = {Row Level Security | Supabase Docs},
	url = {https://supabase.com/docs/guides/database/postgres/row-level-security},
}
@online{brainstorming1,
	title = {What is Brainstorming? Techniques and Methods | Miro},
	url = {https://miro.com/brainstorming/what-is-brainstorming/},
}
@online{mindmapscom-2021,
	author = {{Mindmaps.com}},
	date = {2021-08-18},
	title = {What is Mind Mapping? What Are Its Uses? | Mindmaps.com},
	url = {https://www.mindmaps.com/what-is-mind-mapping/},
}
@video{brainstorming2,
	author = {{Sprouts}},
	date = {2017-11-28},
	title = {Brainstorming techniques: How to innovate in groups},
	url = {https://www.youtube.com/watch?v=YXZamW4-Ysk},
}
@online{brainstorming3,
	title = {ChatGPT - brainstorming a myšlenkové mapy},
	url = {https://chatgpt.com/share/67e4219c-845c-8000-b8fa-1a9d677b3e18},
}
@online{mindmapscom-2020,
	author = {{Mindmaps.com}},
	date = {2020-09-08},
	title = {How to Brainstorm with Mind Maps - Mindmaps.com},
	url = {https://www.mindmaps.com/how-to-brainstorm-with-mind-maps/},
}
@online{supabasedocs,
	date = {2025-03-26},
	title = {Supabase Docs},
	url = {https://supabase.com/docs},
}
@online{glow,
	date = {2022-10-21},
	title = {45+ CSS Glow effects},
	url = {https://freefrontend.com/css-glow-effects/},
}
@video{card,
	author = {{Coding Nation}},
	date = {2021-09-12},
	title = {Beautiful Simple Card Design using Tailwind CSS},
	url = {https://www.youtube.com/watch?v=B2PVKb5L0wo},
}
@online{component,
	title = {{Vue.js-Components}},
	url = {https://vuejs.org/guide/essentials/component-basics},
}
@online{nuxt-auto-import,
	title = {Auto-imports · NUXt Concepts},
	url = {https://nuxt.com/docs/guide/concepts/auto-imports},
}
@online{routing,
	title = {ChatGPT - Routování v Nuxtu},
	url = {https://chatgpt.com/share/67e4652b-ee14-8000-a860-66efb9a5e7da},
}
@online{W3,
	title = {W3Schools.com},
	url = {https://www.w3schools.com/jsref/jsref_filter.asp},
}
@online{autosave,
	title = {ChatGPT - Auto-Save Implementation Tips},
	url = {https://chatgpt.com/share/67e56f7f-43fc-8000-b39e-6bc526cf8f8b},
}
@online{vnetexamples,
	title = {v-network-graph examples and docs},
	url = {https://dash14.github.io/v-network-graph/examples/},
}
@online{coords,
	title = {v-network-graph Miscellaneous - Coordinates translation},
	url = {https://dash14.github.io/v-network-graph/examples/misc.html#coordinates-translation},
}
@online{windowsize,
	title = {W3Schools.com - Current Screen Size},
	url = {https://www.w3schools.com/howto/howto_js_get_current_window.asp},
}
@online{wikiforce,
	author = {{Wikipedia contributors}},
	date = {2024-10-25},
	title = {Force-directed graph drawing},
	url = {https://en.wikipedia.org/wiki/Force-directed_graph_drawing},
}
@online{forcelayout,
	title = {v-network-graph Layout / Positioning  - Enable and disable force layout },
	url = {https://dash14.github.io/v-network-graph/examples/layout.html#enable-and-disable-force-layout},
}
@online{draggable,
	title = {W3Schools.com - Draggable DIV Element},
	url = {https://www.w3schools.com/howto/howto_js_draggable.asp},
}
@online{bun,
	author = {{Bun}},
	title = {Bun — A fast all-in-one JavaScript runtime},
	url = {https://bun.sh/},
}